@manual{skripta,
author = {Božidar Križan},
title = {Interna skripta iz kolegija Elementi strojeva 2 za konstrukcijske vježbe},
year = {2018},
organization = {Politehnika Pula},
}